@article{shuman2012signal,
  title={Signal processing on graphs: Extending high-dimensional data analysis to networks and other irregular data domains},
  author={Shuman, David I and Narang, Sunil K and Frossard, Pascal and Ortega, Antonio and Vandergheynst, Pierre},
  year={2012}
}