@article{shuman2013emerging,
  title={The emerging field of signal processing on graphs: Extending high-dimensional data analysis to networks and other irregular domains},
  author={Shuman, David I and Narang, Sunil K and Frossard, Pascal and Ortega, Antonio and Vandergheynst, Pierre},
  journal={IEEE Signal Processing Magazine},
  volume={30},
  number={3},
  pages={83--98},
  year={2013},
  publisher={IEEE}
}

@inproceedings{sandryhaila2013discrete3,
  title={Discrete signal processing on graphs: Graph filters.},
  author={Sandryhaila, Aliaksei and Moura, Jos{\'e} MF},
  booktitle={ICASSP},
  pages={6163--6166},
  year={2013}
}

@article{sandryhaila2013discrete1,
  title={Discrete signal processing on graphs},
  author={Sandryhaila, Aliaksei and Moura, Jos{\'e} MF},
  journal={IEEE transactions on signal processing},
  volume={61},
  number={7},
  pages={1644--1656},
  year={2013},
  publisher={IEEE}
}

@inproceedings{sandryhaila2013discrete2,
  title={Discrete signal processing on graphs: Graph fourier transform.},
  author={Sandryhaila, Aliaksei and Moura, Jos{\'e} MF},
  booktitle={ICASSP},
  pages={6167--6170},
  year={2013}
}

